@misc{Lumley2018,
  author       = {Thomas Lumley},
  title        = {Analysis of Complex Survey Samples},
  year         = {2018},
  month        = {3},
  publisher    = {CRAN},
  howpublished = {\url{https://cran.r-project.org/web/packages/survey/survey.pdf}}
}

@book{Kalton1983,
  author       = {Graham Kalton},
  title        = {Introduction to Survey Sampling},
  year         = {1983},
  publisher    = {Sage Publications, Inc.}
} 

@misc{MonetDB,
  title        = {Column store features},
  journal      = {MonetDB},
  howpublished = {\url{https://www.monetdb.org/content/column-store-features}}
}

@misc{Muehleisen2018,
  author       = {Hannes Muehleisen},
  month        = {1},
  year         = {2018},
  title        = {In-Process Version of 'MonetDB'},
  journal      = {CRAN},
  howpublished = {\url{https://cran.r-project.org/web/packages/MonetDBLite/MonetDBLite.pdf}}
}

@book{Heeringa2017,
  author       = {Steven G. Heeringa and Brady T. West and Patricia A. Berglund},
  title        = {Applied Survey Data Analysis, Second Edition},
  pubstate     = {Second},
  year         = {2017},
  publisher    = {Taylor and Francis Group, LLC}
} 

@book{Miller2004,
  author       = {Irwin Miller and Marylees Miller},
  title        = {John E. Fruend's Mathematical Statistics with Applications},
  pubstate     = {Seventh},
  year         = {2004},
  publisher    = {Pearson Education, Inc.}
} 

@book{James2013,
  author       = {Gareth James and Daniela Witten and Trevor Hastie and Robert Tibshirani},
  title        = {An Introduction to Statistical Learning with Applications in R},
  year         = {2013},
  publisher    = {Springer Science+Business Media}
} 

@article{Flom2007,
  author = {Lynda Flom and David L. Cassell},
  year = {2007},
  month = {01},
  pages = {},
  title = {Stopping stepwise: Why stepwise and similar selection methods are bad, and what you should use},
  booktitle = {NorthEast SAS Users Group Inc 20th Annual Conference: 11-14th November 2007; Baltimore, Maryland}
}

@book{Hastie2009,
  author       = {Trevor Hastie and Robert Tibshirani and Jerome Friedman},
  title        = {The Elements of Statistical Learning: Data Mining, Inference, and Prediction},
  pubstate     = {Second},
  year         = {2009},
  publisher    = {Springer Science+Business Media, LLC}
} 

@book{Reinhart2015,
  author       = {Alex Reinhart},
  title        = {Statistics Done Wrong: The Woefully Complete Guide},
  year         = {2015},
  publisher    = {No Starch Press, Inc.}
} 

@book{Plichta2013,
  author       = {Stacey B. Plichta and Elizabeth Kelvin},
  title        = {Munro's Statistical Methods for Health Care Research},
  pubstate     = {Sixth},
  year         = {2013},
  publisher    = {Wolters Kluwer Health | Lippincott Williams \& Wilkins}
} 

@book{Conover1999,
  author       = {W. J. Conover},
  title        = {Practical Nonparametric Statistics},
  pubstate     = {Third},
  year         = {1999},
  publisher    = {John Wiley \& Sons, Inc.}
} 

@book{Boslaugh2013,
  author       = {Sarah Boslaugh},
  title        = {Statistics in a Nutshell, A Desktop Quick Reference},
  pubstate     = {Second},
  year         = {2013},
  publisher    = {O'Reilly Media, Inc.}
} 

@book{Lamont2017,
  author       = {J. Thomas Lamont},
  title        = {C. Diff in 30 Minutes: A Guide to Clostridium Difficile for Patients and Families},
  pubstate     = {First},
  year         = {2013-2017},
  publisher    = {i30 Media Corporation}
} 

@article{Lessa2015,
  author       = {Fernanda C. Lessa and Yi Mu and Wendy M. Bamberg and Zintars G. Beldavs and others},
  title        = {Burden of Clostridium difficile infection in the United States},
  journal      = {New England Journal of Medicine},
  year         = {2015},
  month        = {2},
  issue        = {372},
  pages        = {825-834},
  doi          = {10.1056/NEJMoa1408913}
}

@inproceedings{Shtatland2001,
  author       = {Ernest S. Shtatland and Emily Cain and Mary B. Barton},
  title        = {The perils of stepwise logistic regression and how to escape them using information criteria and the Output Delivery System},
  booktitle    = {Proceedings of the Twenty-Sixth Annual SAS Users Group International Conference},
  issn         = {1-58025-864-6},
  number       = {222-26},
  organization = {SAS Institute Inc},
  posted-at    = {2011-05-02 15:33:17},
  year         = {2001},
  month        = {4}
}

@article{Arrich2005,
  author       = {Jasmin Arrich and Gottfried H. Sodeck and Gürkan Sengölge and Christoforos Konnaris and Marcus Müllner and Anton N. Laggner and  Hans Domanovits},
  title        = {Clostridium difficile causing acute renal failure: Case presentation and review},
  journal      = {World Journal of Gastroenterology},
  year         = {2005},
  volume       = {11},
  issue        = {8},
  pages        = {1245–1247}
}

@article{Keddis2012,
  author       = {Mira T. Keddis and Sahil Khanna and Amit Noheria and Larry M. Baddour and Darrell S. Pardi and Qi Qiana},
  title        = {Clostridium difficile Infection in Patients With Chronic Kidney Disease},
  journal      = {Mayo Clinic Proceedings},
  year         = {2012},
  volume       = {87},
  issue        = {11},
  pages        = {1046–1053}
}

@article{,
  author       = {Mira T. Keddis and Sahil Khanna and Amit Noheria and Larry M. Baddour and Darrell S. Pardi and Qi Qiana},
  title        = {Clostridium difficile Infection in Patients With Chronic Kidney Disease},
  journal      = {Mayo Clinic Proceedings},
  year         = {2012},
  volume       = {87},
  issue        = {11},
  pages        = {1046–1053}
}

@article{Cunney1998,
  author       = {Robert J. Cunney and Colm Magee and Eleanor McNamara and Edmond G. Smyth and Joseph Walshe},
  title        = {Clostridium difficile colitis associated with chronic renal failure},
  journal      = {Nephrology Dialysis Transplantation},
  volume       = {13},
  number       = {11},
  pages        = {2842-2846},
  year         = {1998},
  doi          = {10.1093/ndt/13.11.2842},
  URL          = {http://dx.doi.org/10.1093/ndt/13.11.2842},
  eprint       = {/oup/backfile/content_public/journal/ndt/13/11/10.1093_ndt_13.11.2842/1/132842.pdf}
}

@article{Mullane2014,
  author       = {Kathleen Mullane},
  title        = {Fidaxomicin in Clostridium difficile infection: latest evidence and clinical guidance},
  journal      = {Therapeutic Advances in Chronic Disease},
  volume       = {5},
  number       = {2},
  pages        = {69-84},
  year         = {1998},
  doi          = {10.1177/2040622313511285},
  URL          = {http://doi.org/10.1177/2040622313511285}
}

@article{Louie2011,
  author       = {Thomas J. Louie and Mark A. Miller and Kathleen M. Mullane and Karl Weiss and Arnold Lentnek and Yoav Golan and Sherwood Gorbach and Pamela Sears and Youe-Kong Shue},
  title        = {Fidaxomicin versus Vancomycin for Clostridium difficile Infection},
  journal      = {The New England Journal of Medicine},
  volume       = {364},
  pages        = {422-431},
  year         = {2011},
  doi          = {10.1056/NEJMoa0910812},
}

@misc{Walsh2012,
  author        = {Nancy Walsh},
  journal       = {MedPageToday},
  title         = {Renal Function Key in C. Diff Therapy Choice},
  year          = {2012},
  month         = {April},
  howpublished  = {https://www.medpagetoday.com/meetingcoverage/shm/32016}
}

@article{Watt2016,
  title         = {A cost-effectiveness and budget impact analysis of first-line fidaxomicin for patients with Clostridium difficile infection (CDI) in Germany},
  author        = {Maureen Watt and Charles McCrea and Sukhvinder Johal and John Posnett and Cj Nazir},
  year          = {2016},
  month         = {04},
  pages         = {},
  volume        = {44},
  journal       = {Infection},
  doi           = {10.1007/s15010-016-0894-y}
}

@article{Guzman2016,
  author        = {Javier Z. Guzman and Branko Skovrlj and Edward S. Rothenberg and Young Lu and Steven McAnany and Samuel K. Cho and Andrew C. Hecht and Sheeraz A. Qureshi},
  title         = {The Burden of Clostridium difficile after Cervical Spine Surgery},
  journal       = {Global Spine Journal},
  year          = {2016},
  pages         = {314–321},
  volume        = {6},
  number        = {4},
  doi           = {10.1055/s-0035-1562933}
}

@misc{HCUPOverview,
  author        = {{Healthcare Cost and Utilization Project, Agency for Healthcare Research and Quality}},
  title         = {Overview of {HCUP}},
  howpublished  = {https://www.hcup-us.ahrq.gov/overview.jsp},
  urldate       = {2018-04-14},
  lastchecked   = {2018-04-14}
}

@article{Khera2017,
  author        = {Rohan Khera and Suveen Angraal and Tyler Couch and John Welsh and Brahmajee K. Nallamouthu and Saket Girotra and Paul S. Chan and Harlan M. Krumholz},
  title         = {Adherence to Methodological Standards in Research Using the National Inpatient Sample},
  journal       = {JAMA},
  year          = {2017},
  pages         = {2011-2018},
  volume        = {318},
  number        = {20},
  doi           = {10.1001/jama.2017.17653}
}

@article{Krumholz2017,
  author        = {Rohan Khera and Harlan M. Krumholz},
  title         = {With Great Power Comes Great Responsibility: Big Data Research From the National Inpatient Sample},
  journal       = {Circulation: Cardiovascular Quality and Outcomes},
  year          = {2017},
  volume        = {10},
  doi           = {10.1161/CIRCOUTCOMES.117.003846}
}

@misc{HCUPRedesign,
  author       = {R. L. Houchens and D. N. Ross and A. Elixhauser and J. Jiang},
  title        = {Nationwide Inpatient Sample Redesign: Final Report},
  year         = {2014},
  month        = {04},
  howpublished = {https://www.hcup-us.ahrq.gov/db/nation/nis/reports/NISRedesignFinalReport040914.pdf},
  urldate      = {2018-04-14},
  lastchecked   = {2018-04-14}
}

@article{Masgala2014,
  author        = {Aikaterini Masgala and Spiros G. Delis and Christos Dervenis},
  title         = {Clostridium Difficile Infection: An Increasing Postsurgical Complication},
  journal       = {Infectious Diseases \& Therapy},
  year          = {2014},
  volume        = {2},
  issue         = {6},
  doi           = {10.4172/2332-0877.1000176}

}

@article{Krapohl2013,
  author        = {Greta Krapohl and Arden M. Morris and Shijie Cai and Michael J. Englesbe and David M. Aronoff and  Darrell A Campbell Jr and Samantha Hendren},
  title         = {Preoperative Risk Factors for Postoperative Clostridium difficile Infection in Colectomy Patients},
  journal       = {American Journal of Surgery},
  year          = {2013},
  month         = {3},
  volume        = {205},
  issue         = {3},
  doi           = {10.1016/j.amjsurg.2012.10.028}
}

@article{Eddi2010,
  author        = {Rodney Eddi and Mohammed N. Malik and Rada Shakov and Walid J. Baddoura and Chandra Chandran and Vincent A. Debari},
  title         = {Chronic kidney disease as a risk factor for Clostridium difficile infection},
  journal       = {Nephrology},
  year          = {2010},
  month         = {5},
  volume        = {15},
  issue         = {4},
  pages         = {471-475},
  doi           = {10.1111/j.1440-1797.2009.01274.x}

}

@article{Carroll2011,
  author        = {Karen C. Carroll and John G. Bartlett},
  title         = {Biology of Clostridium difficile: Implications for Epidemiology and Diagnosis},
  journal       = {Annual Review of Microbiology},
  year          = {2011},
  volume        = {65},
  pages         = {501-521},
  doi           = {10.1146/annurev-micro-090110-102824}
}

@article{Pepin2004,
  author        = {Jacques Pépin and Louis Valiquette and Marie-Eve Alary and Philippe Villemure and Anick Pelletier and  Karine Forget and Karine Pépin and Daniel Chouinard},
  title         = {Clostridium difficile-associated diarrhea in a region of Quebec from 1991 to 2003: a changing pattern of disease severity},
  journal       = {Canadian Medical Association Journal},
  year          = {2004},
  month         = {8},
  volume        = {171},
  issue         = {5},
  pages         = {466-472},
  doi           = {10.1503/cmaj.1041104}
}

@article{FuruyaKanamori2015,
  author        = {Luis Furuya-Kanamori and John Marquess and Laith Yakob and Thomas V. Riley and  David L. Paterson and Niki F. Foster and Charlotte A. Huber and Archie C. A. Clements},
  title         = {Asymptomatic Clostridium Difficile Colonization: Epidemiology and Clinical Implications},
  journal       = {BMC Infectious Diseases},
  year          = {2015},
  month         = {04},
  volume        = {15},
  pages         = {516},
  doi           = {10.1186/s12879-015-1258-4}
}

@misc{CDC2018,
  title        = {Antibiotic/Antimicrobial Resistance: Biggest Threats},
  journal      = {Centers for Disease Control and Prevention},
  year         = {2018},
  howpublished = {\url{https://www.cdc.gov/drugresistance/biggest_threats.html}},
  urldate      = {2018-04-14}
}

@misc{CDC2015,
  title        = {Nearly half a million Americans suffered from Clostridium difficile infections in a single year},
  journal      = {Centers for Disease Control and Prevention},
  year         = {2015},
  month        = {2},
  howpublished = {\url{https://www.cdc.gov/media/releases/2015/p0225-clostridium-difficile.html}},
  urldate      = {2018-04-14}
}

@article{Gerding2008,
  title        = {Measures to Control and Prevent Clostridium difficile Infection},
  author       = {Dale N. Gerding and Carlene A. Muto and Robert C. Owens, Jr.},
  journal      = {Clinical Infectious Diseases},
  volume       = {46},
  issue        = {Supplement 1},
  month        = {1},
  year         = {2008},
  pages        = {S43-S49},
  doi          = {10.1086/521861}
}

@article{Dubberke2012,
  author       = {Erik R. Dubberke and Margaret A. Olsen},
  title        = {Burden of Clostridium difficile on the Healthcare System},
  journal      = {Clinical Infectious Diseases: An Official Publication of the Infectious Diseases Society of America},
  year         = {2012},
  volume       = {55},
  issue        = {Supplement 2},
  pages        = {S88-S92},
  doi          = {10.1093/cid/cis335}
}

@misc{Shinkman2014,
  title        = {Readmissions lead to \$41.3B in additional hospital costs},
  author       = {Ron Shinkman},
  journal      = {Fierce Healthcare},
  month        = {4},
  year         = {2014},
  howpublished = {https://www.fiercehealthcare.com/finance/readmissions-lead-to-41-3b-additional-hospital-costs},
  urldate       = {2018-04-14}
}

@misc{Hines2014,
  title        = {Statistical Brief 172: Conditions With the Largest Number of Adult Hospital Readmissions by Payer, 2011},
  author       = {Anika L. Hines and Marguerite L. Barrett and H. Joanna Jiang and Claudia A. Steiner},
  journal      = {Healthcare Cost and Utilization Project},
  year         = {2014},
  month        = {4},
  howpublished = {\url{https://www.hcup-us.ahrq.gov/reports/statbriefs/sb172-Conditions-Readmissions-Payer.pdf}},
  urldate       = {2018-04-14}
}


@misc{Rice2015,
  title        = {Most hospitals face 30-day readmissions penalty in fiscal 2016},
  author       = {Sabriya Rice},
  journal      = {Modern Healthcare},
  month        = {8},
  year         = {2015},
  howpublished = {\url{http://www.modernhealthcare.com/article/20150803/NEWS/150809981}},
  urldate       = {2018-04-14}
}

@misc{AHA2018,
  title        = {Hospital Readmissions Reduction Program Factsheet},
  journal      = {American Hospital Association},
  year         = {2018},
  howpublished = {\url{https://www.aha.org/system/files/2018-01/fs-readmissions.pdf}},
  urldate       = {2018-04-14}
}

@misc{HRRP,
  journal      = {Centers for Medicare and Medicaid ServiceCenters for Medicare and Medicaid Servicess},
  title        = {Hospital Readmissions Reduction Program (HRRP)},
  howpublished = {\url{https://www.cms.gov/Medicare/Quality-Initiatives-Patient-Assessment-Instruments/Value-Based-Programs/HRRP/Hospital-Readmission-Reduction-Program.html}},
  urldate      = {2018-04-14}
}

@misc{HRRPPaymentAdjustment,
  journal      = {Centers for Medicare and Medicaid ServiceCenters for Medicare and Medicaid Servicess},
  title        = {Hospital Readmissions Reduction Program (HRRP)},
  howpublished = {\url{https://www.cms.gov/medicare/medicare-fee-for-service-payment/acuteinpatientpps/readmissions-reduction-program.html}},
  urldate      = {2018-04-14}
}

@misc{eGFR2018,
  title        = {Estimating Glomerular Filtration Rate},
  journal      = {National Institute of Diabetes and Digestive and Kidney Diseases},
  howpublished = {\url{https://www.niddk.nih.gov/health-information/communication-programs/nkdep/laboratory-evaluation/glomerular-filtration-rate/estimating}},
  urldate       = {2018-04-14}
}

@article{Levey2009,
  author       = {Andrew S. Levey and Lesley A. Stevens and Christopher H. Schmid and Yaping (Lucy) Zhang and Alejandro F. Castro, III and Harold I. Feldman and John W. Kusek and Paul Eggers and Frederick Van Lente and Tom Greene and Josef Coresh},
  title        = {A New Equation to Estimate Glomerular Filtration Rate},
  journal      = {Annals of Internal Medicine},
  volume       = {150},
  issue        = {9},
  pages        = {604–612}
}

@article{Levey1999,
  author       = {Andrew S. Levey and Juan P. Bosch and Julia Breyer Lewis and Tom Greene and Nancy Rogers and David Roth},
  title        = {A More Accurate Method To Estimate Glomerular Filtration Rate from Serum Creatinine: A New Prediction Equation},
  journal      = {Annals of  Intern Medicine},
  year         = {1999},
  volume       = {130},
  issue        = {6},
  pages        = {461-470},
  doi          = {10.7326/0003-4819-130-6-199903160-00002}
}

@article{Gupta2014,
  author       = {Arjun Gupta and Sahil Khanna},
  title        = {Community-acquired Clostridium difficile infection: an increasing public health threat},
  journal      = {Infection and Drug Resistance},
  volume       = {7},
  pages        = {63–72},
  doi          = {10.2147/IDR.S46780}
}

@misc{NISOverview,
  author       = {{Healthcare Cost and Utilization Project, Agency for Healthcare Research and Quality}},
  title        = {Overview of the National (Nationwide) Inpatient Sample ({NIS})},
  howpublished = {https://www.hcup-us.ahrq.gov/nisoverview.jsp},
  urldate      = {2018-04-14},
  lastchecked  = {2018-04-14}
}

@misc{NRDOverview,
  author       = {{Healthcare Cost and Utilization Project, Agency for Healthcare Research and Quality}},
  title        = {Overview of the Nationwide Inpatient Sample ({NRD})},
  howpublished = {https://www.hcup-us.ahrq.gov/nrdoverview.jsp},
  urldate      = {2018-04-14},
  lastchecked  = {2018-04-14}
}

@misc{HCUPDUA,
  title        = {DUA Training - Accessible Version},
  journal      = {HCUP},
  howpublished = {\url{https://www.hcup-us.ahrq.gov/DUA/dua_508/DUA508version.jsp}},
  urldate      = {2018-04-14},
  lastchecked  = {2018-04-14}
}

@misc{BeckersHospitalReivew2015,
  title        = {5 statistics to know about hospital admission rates},
  journal      = {Becker's Hospital Review},
  howpublished = {\url{https://www.beckershospitalreview.com/population-health/5-statistics-to-know-about-hospital-admission-rates.html}},
  urldate      = {2018-04-14},
  lastchecked  = {2018-04-14}
}

@misc{ICD9,
  title        = {International Classification of Diseases,Ninth Revision, Clinical Modification (ICD-9-CM)},
  journal      = {National Center for Health Statistics},
  publisher    = {Centers for Disease Control and Prevention},
  howpublished = {\url{https://www.cdc.gov/nchs/icd/icd9cm.htm}},
  urldate      = {2018-04-14},
  lastchecked  = {2018-04-14}
}

@article{Uchiyama2015,
  author       = {Eduardo Uchiyama and Sepideh Faez and Humzah Nasir and Sebastian H. Unizony and Robert Plenge and George N. Papaliodis and Lucia Sobrin},
  title        = {Accuracy of the International Classification of Diseases, Ninth Revision, Clinical Modification ({ICD}-9-{CM}) As a Research Tool for Identification of Patients with Uveitis and Scleritis},
  journal      = {Ophthalmic Epidemiology},
  volume       = {22},
  number       = {2},
  pages        = {139-141},
  year         = {2015},
  publisher    = {Taylor & Francis},
  doi          = {10.3109/09286586.2015.1012274},
}

@misc{Avery2011,
  title        = {Accuracy of the International Classification of Diseases, Ninth Revision, Clinical Modification ({ICD}-9-{CM}) As a Research Tool for Identification of Patients with Uveitis and Scleritis},
  journal      = {White Paper},
  year         = {2011},
  publisher    = {HCPro, Inc.},
  howpublished = {http://www.hcpro.com/content/271142.pdf},
  lastchecked  = {2018-04-14}
}

@misc{NRDIntroduction2013,
  title        = {Introduction To The {HCUP} Nationwide Readmissions Database ({NRD}) 2013},
  journal      = {HEALTHCARE COST AND UTLIZATION PROJECT – {HCUP}},
  publisher    = {Agency for Healthcare Research and Quality},
  year         = {2015},
  month        = {11},
  howpublished = {\url{https://www.hcup-us.ahrq.gov/db/nation/nrd/NRD_Introduction_2013.jsp}},
  urldate      = {2018-04-14},
  lastchecked  = {2018-04-14}
}

@misc{LonelyPSUs,
  title        = {Lonely PSUs},
  author       = {Thomas Lumley},
  journal      = {R Survey Package Documentation},
  publisher    = {R-Forge},
  howpublished = {\url{http://r-survey.r-forge.r-project.org/survey/exmample-lonely.html}},
  urldate      = {2018-04-14},
  lastchecked  = {2018-04-14}
}

@article{Chowdhury2013,
  author       = {Sadeq Chowdhury},
  title        = {A Comparison of Taylor Linearization and Balanced Repeated Replication Methods for Variance Estimation in Medical Expenditure Panel Survey},
  publisher    = {Agency for Healthcare Research and Quality},
  year         = {2013},
  month        = {7},
  howpublished = {\url{https://meps.ahrq.gov/data_files/publications/workingpapers/wp_13004.pdf}},
  urldate      = {2018-04-14},
  lastchecked  = {2018-04-14}
}

@article{Smith2000,
  title        = {Issues Relating to the Use of Jackknife Methods in the National Immunization Survey},
  author       = {Philip J. Smith and K.P. Srinath and Michael P. Battaglia},
  publisher    = {Centers for Disease Control and Prevention},
  year         = {2000},
  howpublished = {\url{https://www.cdc.gov/nchs/data/nis/estimation_weighting/smith2000c.pdf}},
  urldate      = {2018-04-14},
  lastchecked  = {2018-04-14}
}

@misc{Susman2013,
  author       = {Ed Susman},
  title        = {C. Diff Dangerous in ESRD},
  journal      = {MedPage Today},
  howpublished = {\url{https://www.medpagetoday.com/meetingcoverage/nkf/38255}},
  year         = {2013},
  month        = {4},
  urldate      = {2018-04-14},
  lastchecked  = {2018-04-14}
}

@article{Phatharacharukul2015,
  author       = {Parkpoom Phatharacharukul and Charat Thongprayoon and Wisit Cheungpasitporn and Peter J. Edmonds and Pailin Mahaparn and Jackrapong Bruminhent},
  title        = {The Risks of Incident and Recurrent Clostridium difficile-Associated Diarrhea in Chronic Kidney Disease and End-Stage Kidney Disease Patients: A Systematic Review and Meta-Analysis},
  journal      = {Digestive Diseases and Sciences},
  year         = {2015},
  volume       = {60},
  doi          = {10.1007/s10620-015-3714-9}
}

@article{Collins2018,
  title        = {Dietary trehalose enhances virulence of epidemic Clostridium difficile},
  author       = {J. Collins and C. Robinson and H. Danhof and C. W. Knetsch and H. C. van Leeuwen and T. D. Lawley and J. M. Auchtung and R. A. Britton},
  journal      = {Nature},
  year         = {2018},
  month        = {1},
  volume       = {553},
  pages        = {291-294},
  doi          = {doi:10.1038/nature25178}
}

@misc{Medicare,
  title        = {Inpatient or outpatient hospital status affects your costs},
  journal      = {Medicare.gov},
  urldate      = {2018-04-14},
  lastchecked  = {2018-04-14}
}


@misc{Wickham2016,
  author       = {Hadley Wickham and Winston Chang},
  title        = {Create Elegant Data Visualisations Using the Grammar of Graphics},
  year         = {2016},
  month        = {12},
  publisher    = {CRAN},
  howpublished = {\url{https://cran.r-project.org/web/packages/ggplot2/ggplot2.pdf}}
}

@misc{Hlavac,
  author       = {Marek Hlavac},
  title        = {beautiful \LaTeX, HTML and ASCII tables from R statistical output},
  year         = {2018},
  month        = {1},
  publisher    = {CRAN},
  howpublished = {\url{https://cran.r-project.org/web/packages/stargazer/vignettes/stargazer.pdf}}
}

@misc{Detweiler2018,
  author       = {Brian Detweiler},
  journal      = {GitHub},
  year         = {2018},
  month        = {5},
  publisher    = {GitHub},
  howpublished = {\url{https://github.com/bdetweiler}}
}

@misc{DetweilerWebsite2018,
  author       = {Brian Detweiler},
  journal      = {Into the Darkness},
  year         = {2018},
  month        = {5},
  publisher    = {GitHub Sites},
  howpublished = {\url{https://bdetweiler.github.io/projects/projects.html}}
}