






@article{doi:10.3109/09286586.2015.1012274,
author = {Eduardo Uchiyama and Sepideh Faez and Humzah Nasir and Sebastian H. Unizony and Robert Plenge and George N. Papaliodis and Lucia Sobrin},
title = {Accuracy of the International Classification of Diseases, Ninth Revision, Clinical Modification (ICD-9-CM) As a Research Tool for Identification of Patients with Uveitis and Scleritis},
journal = {Ophthalmic Epidemiology},
volume = {22},
number = {2},
pages = {139-141},
year  = {2015},
publisher = {Taylor & Francis},
doi = {10.3109/09286586.2015.1012274},
    note ={PMID: 25777314},

URL = { 
        https://doi.org/10.3109/09286586.2015.1012274
    
},
eprint = { 
        https://doi.org/10.3109/09286586.2015.1012274
    
}

}


