@Article{hcup,
  author       = "HCUP Databases",
  title        = "{Healthcare Cost and Utilization Project (HCUP)}",
  journal      = "Agency for Healthcare Research and Quality",
  year         = "2017",
  month        = "November",
  note         = "{Rockville, MD}",
  DOI          = "www.hcup-us.ahrq.gov/nisoverview.jsp"
} 